@misc{f110-github,
  author = {Hongrui Zheng},
  title = {f1tenth\_system},
  year = {2024},
  publisher = {GitHub},
  journal = {GitHub repository},
  howpublished = {https://github.com/f1tenth/f1tenth\_system}
}

@article{chaikin1974algorithm,
  title={An algorithm for high-speed curve generation},
  author={Chaikin, George Merrill},
  journal={Computer graphics and image processing},
  volume={3},
  number={4},
  pages={346--349},
  year={1974},
  publisher={Elsevier}
}

@misc{realsense-gazebo,
  author = {pal-robotics},
  title = {realsense gazebo plugin},
  year = {2024},
  publisher = {GitHub},
  journal = {GitHub repository},
  howpublished = {https://github.com/pal-robotics/realsense\_gazebo\_plugin}
}
